
@MANUAL{ADD,
  title = {Architecture and Design Document},
  author = {ELCA},
  month = {September},
  year = {2013},
  owner = {Cuong Do},
  timestamp = {2015.01.09}
}

@BOOK{UCS,
  title = {Using CSLA 4},
  publisher = {Marimer LLC},
  year = {2011},
  author = {Rockford Lhotka},
  timestamp = {2015.01.09},
  owner = {Cuong Do},
  timestamp = {2015.01.09}
}

@BOOK{EBO,
  title = {Expert C\# 2008 Business Objects},
  publisher = {Apress},
  year = {2008},
  author = {Rockford Lhotka},
  month = {December},
  owner = {Cuong Do},
  timestamp = {2015.01.09}
}

@ELECTRONIC{NRD,
  month = {December},
  year = {2014},
  title = {NHibernate reference document},
  language = {English},
  howpublished = {http://www.nhibernate.info/doc/index.html},
  owner = {Cuong Do},
  timestamp = {2015.01.09}
}

@ELECTRONIC{DED,
  month = {December},
  year = {2014},
  title = {DevExpress Document 14.2},
  language = {English},
  howpublished = {https://documentation.devexpress.com/},
  owner = {Cuong Do},
  timestamp = {2015.01.09}
}
